%% LaTeX2e file `biblio.bib'
%% generated by the `filecontents' environment
%% from source `MascotNumTemplate' on 2020/02/06.
%%
@article{greenwade93,
    author  = {Greenwade, George D.},
    title   = {The {C}omprehensive {T}ex {A}rchive {N}etwork ({CTAN})},
    year    = {1993},
    journal = {TUGBoat},
    volume  = {14},
    number  = {3},
    pages   = {342--351}
}
@book{ref2,
    title = {Book's title},
    author = {Author, Some},
    location = {The City},
    publisher = {Publisher},
    year = {2005},
}
